@Book{clrs,
author = {Thomas H. Cormen and Charles E. Leiserson and Ronald L. Rivest and Clifford Stein},
title = {Introduction to Algorithms},
publisher = {MIT Press},
year = {2009},
edition = {3rd},
}

@Book{ebrahimi,
language = {persian},
author = {محسن ابراهیمی مقدم، آذرخش کی‌پور و حسین عبدی},
title = {ساختمان‌داده‌ها و الگوریتم‌ها},
publisher = {انتشارات نصیر},
year = {۱۳۹۲},
edition = {اول},
}
